% Encoding: UTF-8

@Article{Calli2017,
  author  = {Berk Ã‡alli and Arjun Singh and James Bruce and Aaron Walsman and Kurt Konolige and Siddhartha S. Srinivasa and Pieter Abbeel and Aaron M. Dollar},
  title   = {Yale-CMU-Berkeley dataset for robotic manipulation research},
  journal = {I. J. Robotics Res.},
  year    = {2017},
  volume  = {36},
  pages   = {261-268},
}

@article{feix2016grasp,
  title={The grasp taxonomy of human grasp types},
  author={Feix, Thomas and Romero, Javier and Schmiedmayer, Heinz-Bodo and Dollar, Aaron M and Kragic, Danica},
  journal={IEEE Transactions on Human-Machine Systems},
  volume={46},
  number={1},
  pages={66--77},
  year={2016},
  publisher={IEEE}
}

@Misc{oculusGrab,
  title     = {Distance Grab Sample Now Available in Oculus Unity Sample Framework},
  month     = sep,
  owner     = {Oculus},
  timestamp = {2019-06-25},
  url       = {https://developer.oculus.com/blog/distance-grab-sample-now-available-in-oculus-unity-sample-framework/},
}

@Comment{jabref-meta: databaseType:bibtex;}
